<record><leader>00000cas a22000007a 4500</leader><controlfield tag="001">16974314</controlfield><controlfield tag="008">871113u19uuuuuutxuwr ne      0    0eng d</controlfield><datafield ind1=" " ind2=" " tag="010"><subfield code="a">sn 87091178 </subfield></datafield><datafield ind1=" " ind2=" " tag="040"><subfield code="a">PPM</subfield><subfield code="b">eng</subfield><subfield code="c">PPM</subfield><subfield code="d">OCLCQ</subfield></datafield><datafield ind1=" " ind2=" " tag="042"><subfield code="a">msc</subfield></datafield><datafield ind1="0" ind2=" " tag="130"><subfield code="a">County news (Alvin, Tex.)</subfield></datafield><datafield ind1="1" ind2="4" tag="245"><subfield code="a">The County news.</subfield></datafield><datafield ind1=" " ind2=" " tag="260"><subfield code="a">Alvin, Tex. :</subfield><subfield code="b">Review Pub. &amp; Stationery Co.</subfield></datafield><datafield ind1=" " ind2=" " tag="310"><subfield code="a">Weekly</subfield></datafield><datafield ind1=" " ind2=" " tag="588"><subfield code="a">Description based on: Vol. 6, no. 38 (Sept. 17, 1942).</subfield></datafield><datafield ind1=" " ind2=" " tag="752"><subfield code="a">United States</subfield><subfield code="b">Texas</subfield><subfield code="c">Brazoria</subfield><subfield code="d">Alvin.</subfield></datafield><datafield ind1="1" ind2=" " tag="029"><subfield code="a">AU@</subfield><subfield code="b">000025835777</subfield></datafield></record>